<record><leader>00000cas a22000007a 4500</leader><controlfield tag="001">12777685</controlfield><controlfield tag="008">851109d192u1931nyuwr ne      0    0hun d</controlfield><datafield ind1=" " ind2=" " tag="010"><subfield code="a">sn 85038577 </subfield></datafield><datafield ind1=" " ind2=" " tag="040"><subfield code="a">NPY</subfield><subfield code="b">eng</subfield><subfield code="c">NPY</subfield><subfield code="d">OCLCQ</subfield></datafield><datafield ind1=" " ind2=" " tag="042"><subfield code="a">msc</subfield></datafield><datafield ind1="0" ind2=" " tag="130"><subfield code="a">Egyete&#769;rte&#769;s (New York, N.Y.)</subfield></datafield><datafield ind1="1" ind2="0" tag="245"><subfield code="a">Egyete&#769;rte&#769;s =</subfield><subfield code="b">Concord.</subfield></datafield><datafield ind1="3" ind2="1" tag="246"><subfield code="a">Concord</subfield></datafield><datafield ind1=" " ind2=" " tag="260"><subfield code="a">New York, N.Y. :</subfield><subfield code="b">B.T. Tarkanyi,</subfield><subfield code="c">-1931.</subfield></datafield><datafield ind1=" " ind2=" " tag="300"><subfield code="a">v. :</subfield><subfield code="b">ill. ;</subfield><subfield code="c">55 cm.</subfield></datafield><datafield ind1=" " ind2=" " tag="310"><subfield code="a">Weekly</subfield></datafield><datafield ind1="0" ind2=" " tag="362"><subfield code="a">-v. 7, no. 52 (Dec. 25, 1931) = v. 10. no. 51-52.</subfield></datafield><datafield ind1=" " ind2=" " tag="500"><subfield code="a">"The largest Hungarian Catholic weekly in America."</subfield></datafield><datafield ind1=" " ind2=" " tag="500"><subfield code="a">Publishers: B.T. Tarkanyi, &lt;1928&gt;-1931; The Cross Pub. Co., 1931.</subfield></datafield><datafield ind1=" " ind2=" " tag="500"><subfield code="a">Editor: B.T. Tarkanyi.</subfield></datafield><datafield ind1=" " ind2=" " tag="515"><subfield code="a">Some issues have duble numbering designation.</subfield></datafield><datafield ind1=" " ind2=" " tag="525"><subfield code="a">Supplements acompany some issues.</subfield></datafield><datafield ind1=" " ind2=" " tag="546"><subfield code="a">In Hungarian.</subfield></datafield><datafield ind1=" " ind2=" " tag="588"><subfield code="a">Description based on: Vol. 5, no. 1 (Jan. 11, 1928).</subfield></datafield><datafield ind1="1" ind2=" " tag="700"><subfield code="a">Tarkanyi, Bela T.</subfield></datafield><datafield ind1=" " ind2=" " tag="752"><subfield code="a">United States</subfield><subfield code="b">New York</subfield><subfield code="c">New York</subfield><subfield code="d">New York.</subfield></datafield><datafield ind1="0" ind2="5" tag="780"><subfield code="t">Jo&#769; Pa&#769;sztor (Pittsburgh, Pa.)</subfield><subfield code="w">(DLC)sn 85038576</subfield></datafield><datafield ind1="0" ind2="7" tag="785"><subfield code="t">Kereszt</subfield><subfield code="w">(DLC)sn 85038578</subfield></datafield><datafield ind1="0" ind2="7" tag="785"><subfield code="t">Kereszt-Egyete&#769;rte&#769;s</subfield><subfield code="w">(DLC)sn 85038579</subfield></datafield><datafield ind1="1" ind2=" " tag="029"><subfield code="a">AU@</subfield><subfield code="b">000023435332</subfield></datafield></record>